@article{bell2007positivity,
  title={On the positivity set of a linear recurrence sequence},
  author={Bell, J. P. and Gerhold, S.},
  journal={Israel Jour. of Math},
  volume={57},
  year={2007},
  publisher={Springer}
}

@book{bourbaki1966general,
  title={General Topology (Part 2): Elements of Mathematics},
  author={Bourbaki, N.},
  year={1966},
  publisher={Addison-Wesley}
}

@incollection{mignotte1982some,
  title={Some useful bounds},
  author={Mignotte, M},
  booktitle={Computer algebra},
  year={1982},
  publisher={Springer}
}

@article{renegar1992computational,
  title={On the computational complexity and geometry of the first-order theory of the reals. Part I: Introduction. Preliminaries. The geometry of semi-algebraic sets. The decision problem for the existential theory of the reals},
  author={Renegar, James},
  journal={J. Symb. Comput.},
  volume={13},
  pages={255--300},
  year={1992},
  publisher={Elsevier}
}